@article{baghaei2007multi,
  title={Multi-agent task allocation for robot soccer},
  author={Baghaei, Khashayar R and Agah, Arvin},
  journal={Journal of Intelligent Systems},
  volume={16},
  number={3},
  pages={207--240},
  year={2007}
}

@article{wu2004fuzzy,
  title={A fuzzy mechanism for action selection of soccer robots},
  author={Wu, Chia-Ju and Lee, Tsong-Li},
  journal={Journal of Intelligent and Robotic Systems},
  volume={39},
  number={1},
  pages={57--70},
  year={2004},
  publisher={Springer}
}

@article{shi2015research,
  title={Research on self-adaptive decision-making mechanism for competition strategies in robot soccer},
  author={Shi, Haobin and Xu, Lincheng and Zhang, Lin and Pan, Wei and Xu, Genjiu},
  journal={Frontiers of Computer Science},
  volume={9},
  number={3},
  pages={485--494},
  year={2015},
  publisher={Springer}
}

@article{ros2009case,
  title={A case-based approach for coordinated action selection in robot soccer},
  author={Ros, Raquel and Arcos, Josep Llu{\'\i}s and De Mantaras, Ramon Lopez and Veloso, Manuela},
  journal={Artificial Intelligence},
  volume={173},
  number={9},
  pages={1014--1039},
  year={2009},
  publisher={Elsevier}
 }
 
 @inproceedings{bonabeau1997adaptive,
  title={Adaptive Task Allocation Inspired by a Model of Division of Labor in Social Insects.},
  author={Bonabeau, Eric and Sobkowski, Andrej and Theraulaz, Guy and Deneubourg, Jean-Louis},
  booktitle={BCEC},
  pages={36--45},
  year={1997}
}
